@article{GMR,
  author = {Goldwasser, Shafi AND Micali, Silvio AND Rackoff, Charles},
  title = {The Knowledge Complexity of Interactive Proof Systems},
  journal = {SIAM Journal on Scientific Computing},
  volume = {18},
  number = {1},
  pages = {186--208},
  month = {February},
  year = {1989},
  doi = {https://doi.org/10.1137%2F0218012},
}
@inproceedings{BFM,
  author = {Blum, Manuel AND Feldman, Paul AND Micali, Silvio},
  title = {Non-Interactive Zero-Knowledge and Its Applications},
  booktitle = {Proceedings of the 20th Annual ACM Symposium on Theory of Computing (STOC '88)},
  pages = {103--112},
  month = {May},
  year = {1988},
  location = {Chicago, Illinois, United States},
  publisher = {Association for Computing Machinery},
  address = {New York, New York, United States},
  doi = {https://doi.org/10.1145/62212.62222},
}

@inproceedings{BGKW,
  author = {Ben-Or, Michael AND Goldwasser, Shafi AND Kilian, Joe AND Widgerson, Avi},
  title = {Multi-Prover Interactive Proofs: How to Remove Intractability Assumptions},
  booktitle = {Proceedings of the 20th Annual ACM Symposium on Theory of Computing (STOC '88)},
  pages = {113--131},
  month = {May},
  year = {1988},
  location = {Chicago, Illinois, United States},
  publisher = {Association for Computing Machinery},
  address = {New York, New York, United States},
  doi = {https://doi.org/10.1145/62212.62223},
}

@inproceedings{BR,
  author = {Bellare, Mihir AND Rogaway, Phillip},
  title = {Random Oracles are Practical: A Paradigm for Designing Efficient Protocols},
  booktitle = {Proceedings of the 1st ACM Conference on Computer and Communications Security (CCS '93)},
  pages = {62--73},
  month = {November},
  year = {1993},
  location = {Fairfax, Virginia, United States},
  publisher = {Association for Computing Machinery},
  address = {New York, New York, United States},
  doi = {https://doi.org/10.1145/168588.168596},
}

@article{BGPS,
  author = {Bhattacharya, Saurav AND Gangrede, Puneet AND Panyam, Sriram AND Seth, Dhruv},
  title = {Enhancing Digital Privacy: The Application of Zero-Knowledge Proofs in Authentication Systems},
  journal = {International Journal of Computer Trends and Technology},
  volume = {72},
  number = {4},
  pages = {34--41},
  month = {April},
  year = {2024},
  doi = {https://doi.org/10.14445/22312803/IJCTT-V72I4P104},
}
